<record><leader>00000cas a22000007a 4500</leader><controlfield tag="001">21359036</controlfield><controlfield tag="008">900411d19611982coudn ne      0    0eng d</controlfield><datafield ind1=" " ind2=" " tag="010"><subfield code="a">sn 90051237 </subfield></datafield><datafield ind1=" " ind2=" " tag="040"><subfield code="a">CNQ</subfield><subfield code="b">eng</subfield><subfield code="c">CNQ</subfield><subfield code="d">OCL</subfield><subfield code="d">OCLCQ</subfield></datafield><datafield ind1=" " ind2=" " tag="019"><subfield code="a">13179550</subfield></datafield><datafield ind1=" " ind2=" " tag="042"><subfield code="a">msc</subfield></datafield><datafield ind1="0" ind2="4" tag="245"><subfield code="a">The Lamar-tri-state daily news.</subfield></datafield><datafield ind1=" " ind2=" " tag="260"><subfield code="a">Lamar, Colo. :</subfield><subfield code="b">Betz Pub. Co.</subfield></datafield><datafield ind1=" " ind2=" " tag="300"><subfield code="a">v.</subfield></datafield><datafield ind1=" " ind2=" " tag="310"><subfield code="a">Daily (except Sun.)</subfield></datafield><datafield ind1="0" ind2=" " tag="362"><subfield code="a">Vol. 54, no. 53 (Oct. 16, 1961)-v. 76, no. 66 (Nov. 9, 1982).</subfield></datafield><datafield ind1=" " ind2=" " tag="500"><subfield code="a">Monday ed. called Farm and Ranch Edition.</subfield></datafield><datafield ind1=" " ind2=" " tag="530"><subfield code="a">Available on microfilm from the Colorado Historical Society.</subfield></datafield><datafield ind1=" " ind2=" " tag="752"><subfield code="a">United States</subfield><subfield code="b">Colorado</subfield><subfield code="c">Prowers</subfield><subfield code="d">Lamar.</subfield></datafield><datafield ind1="0" ind2="0" tag="780"><subfield code="t">Lamar daily news</subfield><subfield code="w">(DLC)sn 86063146</subfield></datafield><datafield ind1="0" ind2="4" tag="785"><subfield code="t">Lamar daily news (Lamar, Colo. : 1982)</subfield><subfield code="w">(DLC)sn 90051238</subfield></datafield></record>